@book{goodman2007javascript,
  title={{JavaScript{\textregistered} Bible}},
  author={Goodman, D. and Morrison, M. and Eich, B.},
  year={2007},
  publisher={John Wiley \& Sons, Inc. New York, NY, USA}
}

@misc{crockford2006application,
  title={{The application/json media type for JavaScript object notation (JSON)}},
  author={Crockford, D.},
  year={2006},
  publisher={RFC 4627, July 2006}
}

@misc{cabello2003,
  title={{Dise{\~n}o de p{\'a}ginas Web interactivas con JavaScript y CSS}},
  author={Cabello, J.C.O. and Carlos, J.},
  year={2003},
  publisher={Alfaomega Grupo Editor}
}

@book{jquery,
 author = {Chaffer, Jonathan and Swedberg, Karl},
 title = {Learning {JQuery}: better interaction design and web
                  development with simple {{JavaScript}} techniques}, 
 year = {2007},
 isbn = {9781847192509},
 publisher = {Packt Publishing},
 }

@book{rest,
 author = {Richardson, Leonard and Ruby, Sam},
 title = {{RESTful} web services},
 year = {2007},
 isbn = {9780596529260},
 publisher = {O'Reilly},
 }

@book{perry2006ajax,
  title={{Ajax hacks}},
  author={Perry, B.},
  year={2006},
  publisher={O'Reilly Media, Inc.}
}

@book{flanagan1998javascript,
  title={{JavaScript}},
  author={Flanagan, David},
  year={1998},
  publisher={O'Reilly}
}

@article{ecma1999262,
  title={262: ECMAScript Language Specification},
  author={Ecma, ECMA},
  journal={ECMA (European Association for Standardizing Information and Communication Systems), pub-ECMA: adr,},
  year={1999}
}

@TechReport{,
  author = 	 {},
  title = 	 {},
  institution =  {},
  year = 	 {},
  OPTkey = 	 {},
  OPTtype = 	 {},
  OPTnumber = 	 {},
  OPTaddress = 	 {},
  OPTmonth = 	 {},
  OPTnote = 	 {},
  OPTannote = 	 {}
}

@TechReport{mikkonen2007using,
  title={Using {JavaScript} as a real programming language},
  author={Mikkonen, Tommi and Taivalsaari, Antero},
  year={2007},
  url ={http://research.sun.com/techrep/2007/smli_tr-2007-168.pdf},
  institution={Sun Microsystems, Inc.}
}

@article{richards2010analysis,
  title={An analysis of the dynamic behavior of {JavaScript} programs},
  author={Richards, Gregor and Lebresne, Sylvain and Burg, Brian and Vitek, Jan},
  journal={ACM Sigplan Notices},
  volume={45},
  number={6},
  pages={1--12},
  year={2010},
  organization={ACM}
}

@Misc{ogrady14:ranking,
  author = 	 {Stephen O'Grady},
  title = 	 {{
The RedMonk Programming Language Rankings: January 2014}},
  howpublished = {Tecosystems blog},
  url = {http://redmonk.com/sogrady/2014/01/22/language-rankings-1-14/},
  month = 	 {January},
  year = 	 2014}

@Misc{crockford:javascript,
  author = 	 {Douglas Crockford},
  title = 	 {{JavaScript}:
The World's Most Misunderstood Programming Language},
  howpublished = {www.crockford.com},
  url = {http://javascript.crockford.com/javascript.html},
  year = 	 2001}

@Misc{nodejs:patterns,
  author = 	 {Pedro Teixeira},
  title = 	 {{Asynchronous Iteration Patterns In Node.js}},
  howpublished = {http://metaduck.com/},
  url = {http://metaduck.com/01-asynchronous-iteration-patterns.html},
  year = 	 2011}

@inproceedings{helmuth2013evolving,
  title={Evolving a digital multiplier with the {PushGP} genetic programming system},
  author={Helmuth, Thomas and Spector, Lee},
  booktitle={Proceeding of the fifteenth annual conference companion on Genetic and evolutionary computation conference companion},
  pages={1627--1634},
  year={2013},
  organization={ACM}
}

@inproceedings{mairhofer2011search,
  title={Search-based software testing and test data generation for a dynamic programming language},
  author={Mairhofer, Stefan and Feldt, Robert and Torkar, Richard},
  booktitle={Proceedings of the 13th annual conference on Genetic and evolutionary computation},
  pages={1859--1866},
  year={2011},
  organization={ACM}
}

@inproceedings{klein2007unwitting,
  title={Unwitting distributed genetic programming via asynchronous {JavaScript} and {XML}},
  author={Klein, Jon and Spector, Lee},
  booktitle={Proceedings of the 9th annual conference on Genetic and evolutionary computation},
  pages={1628--1635},
  year={2007},
  organization={ACM}
}

@inproceedings{langdon2004global,
  title={{Global Distributed Evolution of L-Systems Fractals}},
  author={Langdon, WB},
  booktitle={Genetic Programming: 7th European Conference, EuroGP 2004, Coimbra, Portugal, April 5-7, 2004, Proceedings},
  volume={7},
  pages={349--358},
  year={2004},
  organization={Springer}
}

@inproceedings{smith1996ga,
  title={{GA toolkit on the Web}},
  author={Smith, John and Sugihara, Kazuo},
  booktitle={Proceedings of the First Online Workshop on Soft Computing},
year=1996,
  pages={12},
  url = {http://citeseerx.ist.psu.edu/viewdoc/summary?doi=10.1.1.48.8320}
}

@incollection{langdon2008evolving,
  title={{Evolving regular expressions for GeneChip probe performance prediction}},
  author={Langdon, William B and Harrison, Andrew P},
  booktitle={Parallel Problem Solving from Nature--PPSN X},
  pages={1061--1070},
  year={2008},
  publisher={Springer}
}

@article{langdon2009evolving,
  title={{Evolving DNA motifs to predict GeneChip probe performance}},
  author={Langdon, William B and Harrison, Andrew P},
  journal={Algorithms for Molecular Biology},
  volume={4},
  number={1},
  pages={6},
  year={2009},
  publisher={BioMed Central Ltd}
}

@ARTICLE{5617064,
author={Tilkov, S. and Vinoski, S.},
journal={Internet Computing, IEEE},
title={Node.js: Using JavaScript to Build High-Performance Network Programs},
year=2010,
month={Nov},
volume=14,
number=6,
pages={80-83},
keywords={Java;Node.js;concurrent program;event-driven programming model;high performance network program;mainstream multithreading;server-side JavaScript space;Instruction sets;Libraries;Programming;Registers;Servers;Sockets;Writing;Internet;JavaScript;Node;Node.js;Web development;functional programming},
doi={10.1109/MIC.2010.145},
ISSN={1089-7801}}

@book{ackley:trap,
 author = {David H. Ackley},
 title = {A connectionist machine for genetic hillclimbing},
 year = {1987},
 isbn = {0-89838-236-X},
 publisher = {Kluwer Academic Publishers},
 address = {Norwell, MA, USA},
 }