@inproceedings{ournani2021tales,
  title={Tales from the code\# 1: The effective impact of code refactorings on software energy consumption},
  author={Ournani, Zakaria and Rouvoy, Romain and Rust, Pierre and Penhoat, Joel},
  booktitle={ICSOFT 2021-16th International Conference on Software Technologies},
  year={2021}
}

@article{diaz2022population,
  title={Population size influence on the energy consumption of genetic programming},
  author={D{\'\i}az-{\'A}lvarez, Josefa and Castillo, Pedro A and Fernandez de Vega, Francisco and Ch{\'a}vez, Francisco and Alvarado, Jorge},
  journal={Measurement and Control},
  volume={55},
  number={1-2},
  pages={102--115},
  year={2022},
  publisher={SAGE Publications Sage UK: London, England}
}

@article{kurp2008green,
  title={Green computing},
  author={Kurp, Patrick},
  journal={Communications of the ACM},
  volume={51},
  number={10},
  pages={11--13},
  year={2008},
  publisher={ACM New York, NY, USA}
}

@inproceedings{ournani2021evaluating,
  title={Evaluating the impact of java virtual machines on energy consumption},
  author={Ournani, Zakaria and Belgaid, Mohammed Chakib and Rouvoy, Romain and Rust, Pierre and Penhoat, Jo{\"e}l},
  booktitle={Proceedings of the 15th ACM/IEEE International Symposium on Empirical Software Engineering and Measurement (ESEM)},
  pages={1--11},
  year={2021}
}

@inproceedings{ournani2022tales,
  title={Tales from the Code\# 2: A Detailed Assessment of Code Refactoringâ€™s Impact on Energy Consumption},
  author={Ournani, Zakaria and Rouvoy, Romain and Rust, Pierre and Penhoat, Joel},
  booktitle={Software Technologies: 16th International Conference, ICSOFT 2021, Virtual Event, July 6--8, 2021, Revised Selected Papers},
  pages={94--116},
  year={2022},
  organization={Springer}
}

@article{runtimeintroducing,
  title={Introducing {Deno}},
  author={Doglio, Fernando},
  publisher={APress, Springer}
}

@Article{bun,
  author = 	 {Devang Tomar},
  title = 	 {Bun JS : A brand-new, lightning-quick JavaScript runtime},
  journal = 	 {Medium},
  year = 	 2022,
  month = 	 {August},
  note = 	 {\url{https://devangtomar.medium.com/bun-a-brand-new-lightning-quick-javascript-runtime-e42119a306ca}}}

@book{syed2014beginning,
  title={Beginning Node. js},
  author={Syed, Basarat},
  year={2014},
  publisher={Apress}
}